@article{arora2012using,
  title={Using Treaps for Optimization of Graph Storage},
  author={Arora, Dharya and Batra, Shalini},
  journal={International Journal of Computer Applications},
  volume={975},
  pages={8887},
  year={2012},
  publisher={Foundation of Computer Science, 244 5 th Avenue,\# 1526, New York, NY 10001~â€¦}
}
@inproceedings{blelloch1998fast,
  title={Fast set operations using treaps},
  author={Blelloch, Guy E and Reid-Miller, Margaret},
  booktitle={Proceedings of the tenth annual ACM symposium on Parallel algorithms and architectures},
  pages={16--26},
  year={1998}
}
@article{seidel1996randomized,
  title={Randomized search trees},
  author={Seidel, Raimund and Aragon, Cecilia R},
  journal={Algorithmica},
  volume={16},
  number={4-5},
  pages={464--497},
  year={1996},
  publisher={Springer}
}