@misc{van2004chain,
  title={Chain Replication for Supporting High Throughput and Availability.},
  author={Van Renesse, Robbert and Schneider, Fred B},
  booktitle={OSDI},
  volume={4},
  number={91--104},
  year={2004}
}
@misc{ghemawat2003google,
  title={The Google file system},
  author={Ghemawat, Sanjay and Gobioff, Howard and Leung, Shun-Tak},
  booktitle={Proceedings of the nineteenth ACM symposium on Operating systems principles},
  pages={29--43},
  year={2003}
}